%%All References go here

@book{Creswell:2014a,
  title={A concise introduction to mixed methods research},
  author={Creswell, John W},
  year={2014},
  publisher={SAGE publications}
}

@book{Kothari:2004a,
  title={Research methodology: Methods and techniques},
  author={Kothari, Chakravanti Rajagopalachari},
  year={2004},
  publisher={New Age International}
}
@inproceedings{wadley2019use,
  title={Use of music streaming platforms for emotion regulation by international students},
  author={Wadley, Greg and Krause, Amanda and Liang, Jiahui and Wang, Zihe and Leong, Tuck Wah},
  booktitle={Proceedings of the 31st Australian Conference on Human-Computer-Interaction},
  pages={337--341},
  year={2019}
}
@article{martin2021music,
  title={Music as a factor associated with emotional self-regulation: a study on its relationship to age during COVID-19 lockdown in Spain},
  author={Mart{\'\i}n, Javier Centeno and Ortega-S{\'a}nchez, Delf{\'\i}n and Miguel, Ignacio Nieto and Mart{\'\i}n, Gracia Mar{\'\i}a Gil},
  journal={Heliyon},
  volume={7},
  number={2},
  pages={e06274},
  year={2021},
  publisher={Elsevier}
}
@article{rideout2018digital,
  title={Digital health practices, social media use, and mental well-being among teens and young adults in the US},
  author={Rideout, Victoria and Fox, Susannah and others},
  year={2018}
}
@inproceedings{sarsenbayeva2020does,
  title={Does smartphone use drive our emotions or vice versa? A causal analysis},
  author={Sarsenbayeva, Zhanna and Marini, Gabriele and van Berkel, Niels and Luo, Chu and Jiang, Weiwei and Yang, Kangning and Wadley, Greg and Dingler, Tilman and Kostakos, Vassilis and Goncalves, Jorge},
  booktitle={Proceedings of the 2020 CHI conference on human factors in computing systems},
  pages={1--15},
  year={2020}
}
@article{prikhidko2020effect,
  title={The effect of concerns about COVID-19 on anxiety, stress, parental burnout, and emotion regulation: the role of susceptibility to digital emotion contagion},
  author={Prikhidko, Alena and Long, Haiying and Wheaton, Michael G},
  journal={Frontiers in public health},
  volume={8},
  pages={567250},
  year={2020},
  publisher={Frontiers Media SA}
}
@article{shao2021social,
  title={Social media and emotional burnout regulation during the COVID-19 pandemic: multilevel approach},
  author={Shao, Ruosi and Shi, Zhen and Zhang, Di and others},
  journal={Journal of Medical Internet Research},
  volume={23},
  number={3},
  pages={e27015},
  year={2021},
  publisher={JMIR Publications Inc., Toronto, Canada}
}
@article{colasante2020any,
  title={Any time and place? Digital emotional support for digital natives.},
  author={Colasante, Tyler and Lin, Lauren and De France, Kalee and Hollenstein, Tom},
  journal={American Psychologist},
  year={2020},
  publisher={American Psychological Association}
}
@inproceedings{smith2022digital,
  title={Digital Emotion Regulation in Everyday Life},
  author={Smith, Wally and Wadley, Greg and Webber, Sarah and Tag, Benjamin and Kostakos, Vassilis and Koval, Peter and Gross, James J},
  booktitle={CHI Conference on Human Factors in Computing Systems},
  pages={1--15},
  year={2022}
}
@article{wadley2020digital,
  title={Digital emotion regulation},
  author={Wadley, Greg and Smith, Wally and Koval, Peter and Gross, James J},
  journal={Current Directions in Psychological Science},
  volume={29},
  number={4},
  pages={412--418},
  year={2020},
  publisher={SAGE Publications Sage CA: Los Angeles, CA}
}
@article{gross1998emerging,
  title={The emerging field of emotion regulation: An integrative review},
  author={Gross, James J},
  journal={Review of general psychology},
  volume={2},
  number={3},
  pages={271--299},
  year={1998},
  publisher={SAGE Publications Sage CA: Los Angeles, CA}
}
@incollection{schull2012addiction,
  title={Addiction by design},
  author={Sch{\"u}ll, Natasha Dow},
  booktitle={Addiction by Design},
  year={2012},
  publisher={Princeton University Press}
}
@article{gross2015emotion,
  title={Emotion regulation: Current status and future prospects},
  author={Gross, James J},
  journal={Psychological inquiry},
  volume={26},
  number={1},
  pages={1--26},
  year={2015},
  publisher={Taylor \& Francis}
}
@article{braunstein2017explicit,
  title={Explicit and implicit emotion regulation: a multi-level framework},
  author={Braunstein, Laura Martin and Gross, James J and Ochsner, Kevin N},
  journal={Social cognitive and affective neuroscience},
  volume={12},
  number={10},
  pages={1545--1557},
  year={2017},
  publisher={Oxford University Press}
}
@article{gross2006emotion,
  title={Emotion regulation in everyday life In Snyder DK, Simpson J, \& Hughes JN (Eds.), Emotion regulation in couples and families: Pathways to dysfunction and health (pp. 13--35)},
  author={Gross, JJ and Richards, JM and John, OP},
  journal={Washington, DC, US: American Psychological Association.[Google Scholar]},
  year={2006}
}
@phdthesis{bacaksizlar2019understanding,
  title={Understanding Social Movements through Simulations of Anger Contagion in Social Media},
  author={Bacaksizlar, Nazmiye Gizem},
  year={2019},
  school={The University of North Carolina at Charlotte}
}
@article{yi2022depicting,
  title={Depicting the Emotion Flow: Super-Spreaders of Emotional Messages on Weibo During the COVID-19 Pandemic},
  author={Yi, Jingjing and Gina Qu, Jiayu and Zhang, Wanjiang Jacob},
  journal={Social Media+ Society},
  volume={8},
  number={1},
  pages={20563051221084950},
  year={2022},
  publisher={SAGE Publications Sage UK: London, England}
}
@article{chuai2020anger,
  title={Anger makes fake news viral online},
  author={Chuai, Yuwei and Zhao, Jichang},
  journal={arXiv preprint arXiv:2004.10399},
  year={2020}
}

@article{steinert2022emotions,
  title={Emotions and digital well-being: On social media’s emotional affordances},
  author={Steinert, Steffen and Dennis, Matthew James},
  journal={Philosophy \& Technology},
  volume={35},
  number={2},
  pages={36},
  year={2022},
  publisher={Springer}
}
@article{gyurak2011explicit,
  title={Explicit and implicit emotion regulation: a dual-process framework},
  author={Gyurak, Anett and Gross, James J and Etkin, Amit},
  journal={Cognition and emotion},
  volume={25},
  number={3},
  pages={400--412},
  year={2011},
  publisher={Taylor \& Francis}
}
@article{tamir2016people,
  title={Why do people regulate their emotions? A taxonomy of motives in emotion regulation},
  author={Tamir, Maya},
  journal={Personality and social psychology review},
  volume={20},
  number={3},
  pages={199--222},
  year={2016},
  publisher={Sage Publications Sage CA: Los Angeles, CA}
}
@article{goldenberg2020digital,
  title={Digital emotion contagion},
  author={Goldenberg, Amit and Gross, James J},
  journal={Trends in Cognitive Sciences},
  volume={24},
  number={4},
  pages={316--328},
  year={2020},
  publisher={Elsevier}
}
@article{elfenbein2014many,
  title={The many faces of emotional contagion: An affective process theory of affective linkage},
  author={Elfenbein, Hillary Anger},
  journal={Organizational Psychology Review},
  volume={4},
  number={4},
  pages={326--362},
  year={2014},
  publisher={SAGE Publications Sage UK: London, England}
}
@article{webb2012dealing,
  title={Dealing with feeling: a meta-analysis of the effectiveness of strategies derived from the process model of emotion regulation.},
  author={Webb, Thomas L and Miles, Eleanor and Sheeran, Paschal},
  journal={Psychological bulletin},
  volume={138},
  number={4},
  pages={775},
  year={2012},
  publisher={American Psychological Association}
}
@article{davidson1998affective,
  title={Affective style and affective disorders: Perspectives from affective neuroscience},
  author={Davidson, Richard J},
  journal={Cognition \& emotion},
  volume={12},
  number={3},
  pages={307--330},
  year={1998},
  publisher={Taylor \& Francis}
}
@inproceedings{eschler2020emergent,
  title={Emergent self-regulation practices in technology and social media use of individuals living with depression},
  author={Eschler, Jordan and Burgess, Eleanor R and Reddy, Madhu and Mohr, David C},
  booktitle={Proceedings of the 2020 chi conference on human factors in computing systems},
  pages={1--13},
  year={2020}
}
@article{mirbabaie2021development,
  title={The Development of Connective Action during Social Movements on Social Media},
  author={Mirbabaie, Milad and Br{\"u}nker, Felix and Wischnewski, Magdalena and Meinert, Judith},
  journal={ACM Transactions on Social Computing},
  volume={4},
  number={1},
  pages={1--21},
  year={2021},
  publisher={ACM New York, NY, USA}
}

@article{lukoff2018makes,
  title={What makes smartphone use meaningful or meaningless?},
  author={Lukoff, Kai and Yu, Cissy and Kientz, Julie and Hiniker, Alexis},
  journal={Proceedings of the ACM on Interactive, Mobile, Wearable and Ubiquitous Technologies},
  volume={2},
  number={1},
  pages={1--26},
  year={2018},
  publisher={ACM New York, NY, USA}
}
@inproceedings{mark2015focused,
  title={Focused, aroused, but so distractible: Temporal perspectives on multitasking and communications},
  author={Mark, Gloria and Iqbal, Shamsi and Czerwinski, Mary and Johns, Paul},
  booktitle={Proceedings of the 18th ACM Conference on Computer Supported Cooperative Work \& Social Computing},
  pages={903--916},
  year={2015}
}
@article{kou2020emotion,
  title={Emotion regulation in eSports gaming: a qualitative study of league of legends},
  author={Kou, Yubo and Gui, Xinning},
  journal={Proceedings of the ACM on Human-Computer Interaction},
  volume={4},
  number={CSCW2},
  pages={1--25},
  year={2020},
  publisher={ACM New York, NY, USA}
}
@inproceedings{kelly2021s,
  title={“It’s About Missing Much More Than the People”: How Students use Digital Technologies to Alleviate Homesickness},
  author={Kelly, Ryan M and Cheng, Yueyang and McKay, Dana and Wadley, Greg and Buchanan, George},
  booktitle={Proceedings of the 2021 CHI Conference on Human Factors in Computing Systems},
  pages={1--17},
  year={2021}
}
@inproceedings{hossain2022motivational,
  title={Motivational and Situational Aspects of Active and Passive Social Media Breaks May Explain the Difference Between Recovery and Procrastination},
  author={Hossain, Elahi and Wadley, Greg and Berthouze, Nadia and Cox, Anna},
  booktitle={CHI Conference on Human Factors in Computing Systems Extended Abstracts},
  pages={1--8},
  year={2022}
}
@article{tag2022impact,
  title={Impact of the global pandemic upon young people's use of technology for emotion regulation},
  author={Tag, Benjamin and van Berkel, Niels and Vargo, Andrew W and Sarsenbayeva, Zhanna and Colasante, Tyler and Wadley, Greg and Webber, Sarah and Smith, Wally and Koval, Peter and Hollenstein, Tom and others},
  journal={Computers in Human Behavior Reports},
  volume={6},
  pages={100192},
  year={2022},
  publisher={Elsevier}
}
@article{slovak2022designing,
  title={Designing for emotion regulation interventions: an agenda for HCI theory and research},
  author={Slovak, Petr and Antle, Alissa N and Theofanopoulou, Nikki and Roquet, Claudia Daud{\'e}n and Gross, James J and Isbister, Katherine},
  journal={arXiv preprint arXiv:2204.00118},
  year={2022}
}
@article{tag2022emotion,
  title={Emotion trajectories in smartphone use: Towards recognizing emotion regulation in-the-wild},
  author={Tag, Benjamin and Sarsenbayeva, Zhanna and Cox, Anna L and Wadley, Greg and Goncalves, Jorge and Kostakos, Vassilis},
  journal={International Journal of Human-Computer Studies},
  volume={166},
  pages={102872},
  year={2022},
  publisher={Elsevier}
}
@article{yang2021benchmarking,
  title={Benchmarking commercial emotion detection systems using realistic distortions of facial image datasets},
  author={Yang, Kangning and Wang, Chaofan and Sarsenbayeva, Zhanna and Tag, Benjamin and Dingler, Tilman and Wadley, Greg and Goncalves, Jorge},
  journal={The visual computer},
  volume={37},
  number={6},
  pages={1447--1466},
  year={2021},
  publisher={Springer}
}
@inproceedings{wadley2022future,
  title={The Future of Emotion in Human-Computer Interaction},
  author={Wadley, Greg and Kostakos, Vassilis and Koval, Peter and Smith, Wally and Webber, Sarah and Cox, Anna and Gross, James J and H{\"o}{\"o}k, Kristina and Mandryk, Regan and Slov{\'a}k, Petr},
  booktitle={CHI Conference on Human Factors in Computing Systems Extended Abstracts},
  pages={1--6},
  year={2022}
}
@inproceedings{thomas2022s,
  title={“It’s common and a part of being a content creator”: Understanding How Creators Experience and Cope with Hate and Harassment Online},
  author={Thomas, Kurt and Kelley, Patrick Gage and Consolvo, Sunny and Samermit, Patrawat and Bursztein, Elie},
  booktitle={CHI Conference on Human Factors in Computing Systems},
  pages={1--15},
  year={2022}
}
@inproceedings{kiskola2021applying,
  title={Applying critical voice in design of user interfaces for supporting self-reflection and emotion regulation in online news commenting},
  author={Kiskola, Joel and Olsson, Thomas and V{\"a}{\"a}t{\"a}j{\"a}, Heli and H. Syrj{\"a}m{\"a}ki, Aleksi and Rantasila, Anna and Isokoski, Poika and Ilves, Mirja and Surakka, Veikko},
  booktitle={Proceedings of the 2021 CHI conference on human factors in computing systems},
  pages={1--13},
  year={2021}
}
@inproceedings{mancini2020room,
  title={Room for one more?-introducing artificial commensal companions},
  author={Mancini, Maurizio and Niewiadomski, Radoslaw and Huisman, Gijs and Bruijnes, Merijn and Gallagher, Conor Patrick},
  booktitle={Extended Abstracts of the 2020 CHI Conference on Human Factors in Computing Systems},
  pages={1--8},
  year={2020}
}
@inproceedings{newbold2017using,
  title={Using nature-based soundscapes to support task performance and mood},
  author={Newbold, Joseph W and Luton, Jacob and Cox, Anna L and Gould, Sandy JJ},
  booktitle={Proceedings of the 2017 CHI Conference Extended Abstracts on Human Factors in Computing Systems},
  pages={2802--2809},
  year={2017}
}
@inproceedings{ruvimova2020transport,
  title={" Transport Me Away": Fostering Flow in Open Offices through Virtual Reality},
  author={Ruvimova, Anastasia and Kim, Junhyeok and Fritz, Thomas and Hancock, Mark and Shepherd, David C},
  booktitle={Proceedings of the 2020 CHI Conference on Human Factors in Computing Systems},
  pages={1--14},
  year={2020}
}
@article{chen2016promoting,
  title={Promoting positive affect through smartphone photography},
  author={Chen, Yu and Mark, Gloria and Ali, Sanna},
  journal={Psychology of well-being},
  volume={6},
  number={1},
  pages={1--16},
  year={2016},
  publisher={SpringerOpen}
}
@inproceedings{miri2020evaluating,
  title={Evaluating a personalizable, inconspicuous vibrotactile (piv) breathing pacer for in-the-moment affect regulation},
  author={Miri, Pardis and Jusuf, Emily and Uusberg, Andero and Margarit, Horia and Flory, Robert and Isbister, Katherine and Marzullo, Keith and Gross, James J},
  booktitle={Proceedings of the 2020 CHI Conference on Human Factors in Computing Systems},
  pages={1--12},
  year={2020}
}
@article{costa2019boostmeup,
  title={Boostmeup: Improving cognitive performance in the moment by unobtrusively regulating emotions with a smartwatch},
  author={Costa, Jean and Guimbreti{\`e}re, Fran{\c{c}}ois and Jung, Malte F and Choudhury, Tanzeem},
  journal={Proceedings of the ACM on Interactive, Mobile, Wearable and Ubiquitous Technologies},
  volume={3},
  number={2},
  pages={1--23},
  year={2019},
  publisher={ACM New York, NY, USA}
}
@inproceedings{semertzidis2020neo,
  title={Neo-Noumena: Augmenting Emotion Communication},
  author={Semertzidis, Nathan and Scary, Michaela and Andres, Josh and Dwivedi, Brahmi and Kulwe, Yutika Chandrashekhar and Zambetta, Fabio and Mueller, Florian Floyd},
  booktitle={Proceedings of the 2020 CHI conference on human factors in computing systems},
  pages={1--13},
  year={2020}
}
@article{theofanopoulou2019smart,
  title={A smart toy intervention to promote emotion regulation in middle childhood: Feasibility study},
  author={Theofanopoulou, Nikki and Isbister, Katherine and Edbrooke-Childs, Julian and Slov{\'a}k, Petr and others},
  journal={JMIR mental health},
  volume={6},
  number={8},
  pages={e14029},
  year={2019},
  publisher={JMIR Publications Inc., Toronto, Canada}
}
@article{paredes2018just,
  title={Just breathe: In-car interventions for guided slow breathing},
  author={Paredes, Pablo E and Zhou, Yijun and Hamdan, Nur Al-Huda and Balters, Stephanie and Murnane, Elizabeth and Ju, Wendy and Landay, James A},
  journal={Proceedings of the ACM on Interactive, Mobile, Wearable and Ubiquitous Technologies},
  volume={2},
  number={1},
  pages={1--23},
  year={2018},
  publisher={ACM New York, NY, USA}
}
@inproceedings{dmitrenko2020caroma,
  title={Caroma therapy: pleasant scents promote safer driving, better mood, and improved well-being in angry drivers},
  author={Dmitrenko, Dmitrijs and Maggioni, Emanuela and Brianza, Giada and Holthausen, Brittany E and Walker, Bruce N and Obrist, Marianna},
  booktitle={Proceedings of the 2020 chi conference on human factors in computing systems},
  pages={1--13},
  year={2020}
}
@article{yu2018delight,
  title={DeLight: biofeedback through ambient light for stress intervention and relaxation assistance},
  author={Yu, Bin and Hu, Jun and Funk, Mathias and Feijs, Loe},
  journal={Personal and Ubiquitous Computing},
  volume={22},
  number={4},
  pages={787--805},
  year={2018},
  publisher={Springer}
}
@inproceedings{li2020purpal,
  title={PurPal: An interactive box that up-regulates positive emotions in consumption behaviors},
  author={Li, Shuran and Hao, Yu and Yoon, Jungkyoon},
  booktitle={Extended Abstracts of the 2020 CHI Conference on Human Factors in Computing Systems},
  pages={1--6},
  year={2020}
}
@article{tag2021retrospective,
  title={A retrospective and a look forward: Lessons learned from researching emotions in-the-wild},
  author={Tag, Benjamin and Goncalves, Jorge and Webber, Sarah and Koval, Peter and Kostakos, Vassilis},
  journal={IEEE Pervasive Computing},
  volume={21},
  number={1},
  pages={28--36},
  year={2021},
  publisher={IEEE}
}
@article{jadhakhan2022efficacy,
  title={Efficacy of digital technologies aimed at enhancing emotion regulation skills: Literature review},
  author={Jadhakhan, Ferozkhan and Blake, Holly and Hett, Danielle and Marwaha, Steven},
  journal={Frontiers in Psychiatry},
  volume={13},
  year={2022},
  publisher={Frontiers Media}
}
@article{reynarddigital,
  title={Digital interventions for emotion regulation in children and early adolescents},
  author={Reynard, Sally and Dias, Jo{\~a}o and Mitic, Marija and Schrank, Beate and Woodcock, Kate}
}
@inproceedings{antle2019design,
  title={Design for mental health: How socio-technological processes mediate outcome measures in a field study of a wearable anxiety app},
  author={Antle, Alissa N and McLaren, Elgin Skye and Fiedler, Holly and Johnson, Naomi},
  booktitle={Proceedings of the Thirteenth International Conference on Tangible, Embedded, and Embodied Interaction},
  pages={87--96},
  year={2019}
}
@inproceedings{slovak2016scaffolding,
  title={Scaffolding the scaffolding: supporting children's social-emotional learning at home},
  author={Slov{\'a}k, Petr and Rowan, Kael and Frauenberger, Christopher and Gilad-Bachrach, Ran and Doces, Mia and Smith, Brian and Kamb, Rachel and Fitzpatrick, Geraldine},
  booktitle={Proceedings of the 19th ACM conference on computer-supported cooperative work \& social computing},
  pages={1751--1765},
  year={2016}
}
@article{scholten2016randomized,
  title={A randomized controlled trial to test the effectiveness of an immersive 3D video game for anxiety prevention among adolescents},
  author={Scholten, Hanneke and Malmberg, Monique and Lobel, Adam and Engels, Rutger CME and Granic, Isabela},
  journal={PloS one},
  volume={11},
  number={1},
  pages={e0147763},
  year={2016},
  publisher={Public Library of Science San Francisco, CA USA}
}
@article{antle2018opening,
  title={Opening up the Design Space of Neurofeedback Brain--Computer Interfaces for Children},
  author={Antle, Alissa N and Chesick, Leslie and Mclaren, Elgin-Skye},
  journal={ACM Transactions on Computer-Human Interaction (TOCHI)},
  volume={24},
  number={6},
  pages={1--33},
  year={2018},
  publisher={ACM New York, NY, USA}
}
@article{bettis2022digital,
  title={Digital technologies for emotion-regulation assessment and intervention: A conceptual review},
  author={Bettis, Alexandra H and Burke, Taylor A and Nesi, Jacqueline and Liu, Richard T},
  journal={Clinical Psychological Science},
  volume={10},
  number={1},
  pages={3--26},
  year={2022},
  publisher={SAGE Publications Sage CA: Los Angeles, CA}
}
@inproceedings{solovev2022moral,
  title={Moral emotions shape the virality of COVID-19 misinformation on social media},
  author={Solovev, Kirill and Pr{\"o}llochs, Nicolas},
  booktitle={Proceedings of the ACM Web Conference 2022},
  pages={3706--3717},
  year={2022}
}
@article{yue2019survey,
  title={A survey of sentiment analysis in social media},
  author={Yue, Lin and Chen, Weitong and Li, Xue and Zuo, Wanli and Yin, Minghao},
  journal={Knowledge and Information Systems},
  volume={60},
  pages={617--663},
  year={2019},
  publisher={Springer}
}
@article{nemes2021social,
  title={Social media sentiment analysis based on COVID-19},
  author={Nemes, L{\'a}szl{\'o} and Kiss, Attila},
  journal={Journal of Information and Telecommunication},
  volume={5},
  number={1},
  pages={1--15},
  year={2021},
  publisher={Taylor \& Francis}
}
@article{shi2023instant,
  title={“Instant Happiness”: Smartphones as tools for everyday emotion regulation},
  author={Shi, Yaoxi and Koval, Peter and Kostakos, Vassilis and Goncalves, Jorge and Wadley, Greg},
  journal={International Journal of Human-Computer Studies},
  volume={170},
  pages={102958},
  year={2023},
  publisher={Elsevier}
}
@article{jhaver2021evaluating,
  title={Evaluating the effectiveness of deplatforming as a moderation strategy on Twitter},
  author={Jhaver, Shagun and Boylston, Christian and Yang, Diyi and Bruckman, Amy},
  journal={Proceedings of the ACM on Human-Computer Interaction},
  volume={5},
  number={CSCW2},
  pages={1--30},
  year={2021},
  publisher={ACM New York, NY, USA}
}
@article{gorwa2020algorithmic,
  title={Algorithmic content moderation: Technical and political challenges in the automation of platform governance},
  author={Gorwa, Robert and Binns, Reuben and Katzenbach, Christian},
  journal={Big Data \& Society},
  volume={7},
  number={1},
  pages={2053951719897945},
  year={2020},
  publisher={SAGE Publications Sage UK: London, England}
}
@article{yang2020social,
  title={Social media activities, emotion regulation strategies, and their interactions on people’s mental health in COVID-19 pandemic},
  author={Yang, Yang and Liu, Keqiao and Li, Siqi and Shu, Man},
  journal={International Journal of Environmental Research and Public Health},
  volume={17},
  number={23},
  pages={8931},
  year={2020},
  publisher={MDPI}
}
@article{loizides2020human,
  title={Human Computer Interaction and Emerging Technologies: Workshop Proceedings from the INTERACT 2019 Workshops},
  author={Loizides, Fernando and Winckler, Marco and Chatterjee, Usashi and Abdelnour-Nocera, Jose and Parmaxi, Antigoni},
  year={2020},
  publisher={Cardiff University Press}
}
@article{iqbal2022emotion,
  title={Emotion Regulation of Fanatical Army (BTS Fans) Involved in Verbal Aggression: A Phenomenological Study},
  author={Iqbal, Alifasa and Amanda, Klara and Yuladi, Agmal and Utami, Rahayu Hardianti},
  year={2022}
}
@article{fokker2021second,
  title={A second-order adaptive network model for emotion regulation in addictive social media behaviour},
  author={Fokker, Elisabeth and Zong, Xinran and Treur, Jan},
  journal={Cognitive Systems Research},
  volume={70},
  pages={52--62},
  year={2021},
  publisher={Elsevier}
}

@article{liu2019adult,
  title={Adult attachment style, emotion regulation, and social networking sites addiction},
  author={Liu, Chang and Ma, Jian-Ling},
  journal={Frontiers in psychology},
  volume={10},
  pages={2352},
  year={2019},
  publisher={Frontiers Media SA}
}
@article{zsido2021role,
  title={The role of maladaptive cognitive emotion regulation strategies and social anxiety in problematic smartphone and social media use},
  author={Zsido, Andras N and Arato, Nikolett and Lang, Andras and Labadi, Beatrix and Stecina, Diana and Bandi, Szabolcs A},
  journal={Personality and Individual Differences},
  volume={173},
  pages={110647},
  year={2021},
  publisher={Elsevier}
}
@article{gillespie2020content,
  title={Content moderation, AI, and the question of scale},
  author={Gillespie, Tarleton},
  journal={Big Data \& Society},
  volume={7},
  number={2},
  pages={2053951720943234},
  year={2020},
  publisher={SAGE Publications Sage UK: London, England}
}

@article{yang2021behavioral,
  title={Behavioral and physiological signals-based deep multimodal approach for mobile emotion recognition},
  author={Yang, Kangning and Wang, Chaofan and Gu, Yue and Sarsenbayeva, Zhanna and Tag, Benjamin and Dingler, Tilman and Wadley, Greg and Goncalves, Jorge},
  journal={IEEE Transactions on Affective Computing},
  year={2021},
  publisher={IEEE}
}
@article{ruensuk2020you,
  title={How Do You Feel Online: Exploiting Smartphone Sensors to Detect Transitory Emotions during Social Media Use},
  author={Ruensuk, Mintra and Cheon, Eunyong and Hong, Hwajung and Oakley, Ian},
  journal={Proceedings of the ACM on Interactive, Mobile, Wearable and Ubiquitous Technologies},
  volume={4},
  number={4},
  pages={1--32},
  year={2020},
  publisher={ACM New York, NY, USA}
}
@misc{bworld,
  author = {Google},
  title = {{Perspective API}},
  howpublished = "\url{https://www.perspectiveapi.com/}",
  year = {2021}, 
  note = "[Online; accessed 19-Dec-2022]"
}
@article{beltzer2022building,
  title={Building an emotion regulation recommender algorithm for socially anxious individuals using contextual bandits},
  author={Beltzer, Miranda L and Ameko, Mawulolo K and Daniel, Katharine E and Daros, Alexander R and Boukhechba, Mehdi and Barnes, Laura E and Teachman, Bethany A},
  journal={British Journal of Clinical Psychology},
  volume={61},
  pages={51--72},
  year={2022},
  publisher={Wiley Online Library}
}
@inproceedings{ameko2020offline,
  title={Offline contextual multi-armed bandits for mobile health interventions: A case study on emotion regulation},
  author={Ameko, Mawulolo K and Beltzer, Miranda L and Cai, Lihua and Boukhechba, Mehdi and Teachman, Bethany A and Barnes, Laura E},
  booktitle={Proceedings of the 14th ACM Conference on Recommender Systems},
  pages={249--258},
  year={2020}
}
@article{konikoff2021gatekeepers,
  title={Gatekeepers of toxicity: Reconceptualizing Twitter's abuse and hate speech policies},
  author={Konikoff, Daniel},
  journal={Policy \& Internet},
  year={2021},
  publisher={Wiley Online Library}
}
@inproceedings{guberman2016quantifying,
  title={Quantifying toxicity and verbal violence on Twitter},
  author={Guberman, Joshua and Schmitz, Carol and Hemphill, Libby},
  booktitle={Proceedings of the 19th ACM Conference on Computer Supported Cooperative Work and Social Computing Companion},
  pages={277--280},
  year={2016}
}
@article{majo2020volume,
  title={Volume and patterns of toxicity in social media conversations during the COVID-19 pandemic},
  author={Maj{\'o}-V{\'a}zquez, S{\'\i}lvia and Nielsen, R and Verd{\'u}, Joan and Rao, Nandan and de Domenico, N and Papaspiliopoulos, Omiros},
  year={2020},
  publisher={Reuters institute for the study of journalism}
}
@inproceedings{saveski2021structure,
  title={The structure of toxic conversations on Twitter},
  author={Saveski, Martin and Roy, Brandon and Roy, Deb},
  booktitle={Proceedings of the Web Conference 2021},
  pages={1086--1097},
  year={2021}
}
@article{antonakaki2021survey,
  title={A survey of Twitter research: Data model, graph structure, sentiment analysis and attacks},
  author={Antonakaki, Despoina and Fragopoulou, Paraskevi and Ioannidis, Sotiris},
  journal={Expert Systems with Applications},
  volume={164},
  pages={114006},
  year={2021},
  publisher={Elsevier}
}
@article{albadani2022transformer,
  title={Transformer-based graph convolutional network for sentiment analysis},
  author={AlBadani, Barakat and Shi, Ronghua and Dong, Jian and Al-Sabri, Raeed and Moctard, Oloulade Babatounde},
  journal={Applied Sciences},
  volume={12},
  number={3},
  pages={1316},
  year={2022},
  publisher={MDPI}
}
@inproceedings{perikos2018framework,
  title={A framework for analyzing big social data and modelling emotions in social media},
  author={Perikos, Isidoros and Hatzilygeroudis, Ioannis},
  booktitle={2018 IEEE Fourth International Conference on Big Data Computing Service and Applications (BigDataService)},
  pages={80--84},
  year={2018},
  organization={IEEE}
}
@inproceedings{brambilla2021conversation,
  title={Conversation graphs in online social media},
  author={Brambilla, Marco and Javadian, Alireza and Sulistiawati, Amin Endah},
  booktitle={Web Engineering: 21st International Conference, ICWE 2021, Biarritz, France, May 18--21, 2021, Proceedings},
  pages={97--112},
  year={2021},
  organization={Springer International Publishing Cham}
}
@article{yang2017social,
  title={A social recommender system by combining social network and sentiment similarity: A case study of healthcare},
  author={Yang, Donghui and Huang, Chao and Wang, Mingyang},
  journal={Journal of Information Science},
  volume={43},
  number={5},
  pages={635--648},
  year={2017},
  publisher={SAGE Publications Sage UK: London, England}
}
@article{zhao2020modeling,
  title={Modeling sentiment dependencies with graph convolutional networks for aspect-level sentiment classification},
  author={Zhao, Pinlong and Hou, Linlin and Wu, Ou},
  journal={Knowledge-Based Systems},
  volume={193},
  pages={105443},
  year={2020},
  publisher={Elsevier}
}
@article{yang2022implicit,
  title={Implicit sentiment analysis based on graph attention neural network},
  author={Yang, Shanliang and Xing, Linlin and Li, Yongming and Chang, Zheng},
  journal={Engineering Reports},
  volume={4},
  number={1},
  pages={e12452},
  year={2022},
  publisher={Wiley Online Library}
}
@article{aldao2010emotion,
  title={Emotion-regulation strategies across psychopathology: A meta-analytic review},
  author={Aldao, Amelia and Nolen-Hoeksema, Susan and Schweizer, Susanne},
  journal={Clinical psychology review},
  volume={30},
  number={2},
  pages={217--237},
  year={2010},
  publisher={Elsevier}
}
@article{walther1993impression,
  title={Impression development in computer-mediated interaction},
  author={Walther, Joseph B},
  journal={Western Journal of Communication (includes Communication Reports)},
  volume={57},
  number={4},
  pages={381--398},
  year={1993},
  publisher={Taylor \& Francis}
}
{"mode":"full","isActive":false}


{"mode":"full","isActive":false}